<record><leader>00000cas a22000007a 4500</leader><controlfield tag="001">9563545</controlfield><controlfield tag="008">830601d19131917ksuwr ne      0    0eng d</controlfield><controlfield tag="009">3789</controlfield><datafield ind1=" " ind2=" " tag="010"><subfield code="a">sn 83040315 </subfield></datafield><datafield ind1=" " ind2=" " tag="040"><subfield code="a">KSH</subfield><subfield code="b">eng</subfield><subfield code="c">KSH</subfield><subfield code="d">NPT</subfield></datafield><datafield ind1="1" ind2=" " tag="029"><subfield code="a">AU@</subfield><subfield code="b">000025793973</subfield></datafield><datafield ind1=" " ind2=" " tag="042"><subfield code="a">msc</subfield></datafield><datafield ind1=" " ind2=" " tag="043"><subfield code="a">n-us-ks</subfield></datafield><datafield ind1="0" ind2=" " tag="130"><subfield code="a">La Harpe enterprise (La Harpe, Kan. : 1913)</subfield></datafield><datafield ind1="0" ind2="4" tag="245"><subfield code="a">The La Harpe enterprise.</subfield></datafield><datafield ind1=" " ind2=" " tag="260"><subfield code="a">La Harpe, Kan. :</subfield><subfield code="b">C.W. Hubbard,</subfield><subfield code="c">1913-</subfield></datafield><datafield ind1=" " ind2=" " tag="300"><subfield code="a">v. ;</subfield><subfield code="c">33-50 cm.</subfield></datafield><datafield ind1=" " ind2=" " tag="310"><subfield code="a">Weekly</subfield><subfield code="b">&lt;Jan. 1917-&gt;</subfield></datafield><datafield ind1=" " ind2=" " tag="321"><subfield code="a">Weekly</subfield><subfield code="b">&lt;-Sept. 1916&gt;</subfield></datafield><datafield ind1=" " ind2=" " tag="321"><subfield code="a">Semiweekly</subfield><subfield code="b">&lt;Sept. 1916-Dec. 1916&gt;</subfield></datafield><datafield ind1="0" ind2=" " tag="362"><subfield code="a">Vol. 2, no. 1 (Oct. 16, 1913)-</subfield></datafield><datafield ind1="1" ind2=" " tag="362"><subfield code="a">Ceased with June 27, 1917 issue?</subfield></datafield><datafield ind1=" " ind2=" " tag="500"><subfield code="a">"Independent." Cf. Ayer, 1914.</subfield></datafield><datafield ind1="1" ind2=" " tag="700"><subfield code="a">Hubbard, C. W.</subfield></datafield><datafield ind1=" " ind2=" " tag="752"><subfield code="a">United States</subfield><subfield code="b">Kansas</subfield><subfield code="c">Allen</subfield><subfield code="d">La Harpe.</subfield></datafield><datafield ind1="0" ind2="0" tag="780"><subfield code="t">La Harpe enterprise and Mildred ledger</subfield><subfield code="w">(DLC)sn 83040313</subfield></datafield></record>